<?xml version="1.0" encoding="UTF-8"?><collection xmlns="http://www.loc.gov/MARC21/slim"><record><leader>00434nam--2200157-i-4500</leader><controlfield tag="001">000035012</controlfield><controlfield tag="002">20161230</controlfield><controlfield tag="005">20161230201040</controlfield><controlfield tag="008">060222s1000------------r-----000-0-eng-d</controlfield><datafield ind1=" " ind2=" " tag="080"><subfield code="a">512.942:538.3</subfield></datafield><datafield ind1=" " ind2=" " tag="100"><subfield code="a">Newell, Homer E</subfield></datafield><datafield ind1=" " ind2=" " tag="245"><subfield code="a">Vector analysis</subfield></datafield><datafield ind1=" " ind2=" " tag="260"><subfield code="a">New York, Mc Graw, 1955. Xii + 216p</subfield></datafield><datafield ind1=" " ind2=" " tag="490"><subfield code="a">Intternationl Seriies In Pure And Appllied Mathematics</subfield></datafield><datafield ind1=" " ind2=" " tag="852"><subfield code="a">12058</subfield><subfield code="c">512.94</subfield></datafield><datafield ind1=" " ind2=" " tag="CAT"><subfield code="a">Sys</subfield><subfield code="c">20080526</subfield><subfield code="h">081718</subfield></datafield></record></collection>